% Encoding: UTF-8


@article{buhler2017accessibility,
  title={Accessibility ueber Desktopanwendungen hinaus--Barrierefreiheit},
  author={Buehler, Christian},
  journal={Informatik-Spektrum},
  volume={40},
  number={6},
  pages={501--510},
  year={2017},
  publisher={Springer}
}

@Misc{HV,
  author  = {Hochschule für Technik und Wirtschaft Dresden},
  journal = {},
  title   = {Barrierefreie-Informationstechnik-Verordnung 2.0 (BITV 2.0)},
  url     = {https://www.htw-dresden.de/},
  year    = {Stand 12.05.2021},
  note    = {}
}


@Misc{BITV,
  author  = {Bundesministerium der Justiz und für Verbracuerschutz},
  journal = {},
  title   = {Verordnung zur Schaffung barrierefreier Informationstechnik nach dem Behindertengleichstellungsgesetz},
  url     = {https://www.gesetze-im-internet.de/bitv_2_0/},
  year    = {Stand 12.05.2021},
  note    = {}
}


@Misc{ZweiterBlick,
  author  = {Zweiter Blick},
  journal = {},
  title   = {Konformitätsstufen der Barrierefreiheit},
  url     = {https://www.zweiterblick.at/index.php},
  year    = {Stand 11.05.2021},
  note    = {}
}


@Misc{WCAG2.1,
  author  = {W3C},
  journal = {},
  title   = {Web Content Accessibility Guidelines 2.1},
  url     = {https://www.w3.org/TR/WCAG21/#background-on-wcag-2},
  year    = {W3C Recommendation 05 June 2018},
  note    = {}
}


@Misc{GFDB,
  author  = {Gesellschaft für digitale Bildung},
  journal = {},
  title   = {Digitale Barrierefreiheit},
  url     = {https://www.gfdb.de/digitale-barrierefreiheit},
  year    = {Stand 07.05.2021},
  note    = {}
}

@Misc{BS,
  author  = {Bayerische Staatsregierung},
  journal = {},
  title   = {Digitale Barrierefreiheit: bringt alle Menschen weiter},
  url     = {https://www.barrierefrei.bayern.de/beispiele/digitale-barrierefreiheit/index.php},
  year    = {Stand 07.05.2021},
  note    = {}
}

@Misc{PcWelt,
  author  = {PC Welt von IDG},
  journal = {},
  title   = {Digitale Barrierefreiheit: Warum sich Unternehmen darum kümmern sollten},
  url     = {https://www.pcwelt.de/a/digitale-barrierefreiheit-warum-sich-unternehmen-darum-kuemmern-sollten,3452338},
  year    = {Stand 11.05.2021},
  note    = {}
}


@article{Dr.KB-Projektmanagment,
  title={Nutzweranalyse},
  author={Dr. Kristina Birn},
  journal={Projektmanagment 1, Teil 2, Nutzweranalyse},
  year={2020},
  publisher={DHBW-Lörrach}
}

@article{caldwell2008web,
  title={Web content accessibility guidelines (WCAG) 2.0},
  author={Caldwell, Ben and Cooper, Michael and Reid, Loretta Guarino and Vanderheiden, Gregg and Chisholm, Wendy and Slatin, John and White, Jason},
  journal={WWW Consortium (W3C)},
  volume={290},
  year={2008}
}

@book{kuhnapfel2014nutzwertanalysen,
  title={Nutzwertanalysen in Marketing und Vertrieb},
  author={K{\"u}hnapfel, J{\"o}rg B},
  year={2014},
  publisher={Springer}
}

@Misc{DESTATIS,
  author  = {DESTATIS. Statistisched Bundesamt},
  journal = {},
  title   = {Gesundheit. Behinderte Menschen},
  url     = {https://www.destatis.de/DE/Home/_inhalt.html},
  year    = {Stand 10.05.2021},
  note    = {}
}

@Misc{BarrierefreiesWebdesign,
  author  = {Jan Hellbusch},
  journal = {},
  title   = {Barrierefreies Webdesign},
  url     = {https://www.destatis.de/DE/Home/_inhalt.html},
  year    = {Stand 12.05.2021},
  note    = {}
}